@article{lee:2007,
author = {Herbert K. H Lee},
title = {Chocolate Chip Cookies as a Teaching Aid},
journal = {The American Statistician},
volume = {61},
number = {4},
pages = {351-355},
year  = {2007}}

@article{mead:freeman:1973,
 author = {R. Mead and K. H. Freeman},
 journal = {Journal of the Royal Statistical Society. Series C (Applied Statistics)},
 number = {1},
 pages = {1-6},
 publisher = {[Wiley, Royal Statistical Society]},
 title = {An Experiment Game},
 volume = {22},
 year = {1973}
}

@Manual{cranR,
    title = {{\sf R}: A Language and Environment for Statistical Computing},
    author = {{R Core Team}},
    organization = {R Foundation for Statistical Computing},
    address = {Vienna, Austria},
    year = {2017},
    url = {https://www.R-project.org/},
  }

@Manual{shiny,
    title = {{\tt shiny}: Web Application Framework for {\sf R}},
    author = {Winston Chang and Joe Cheng and JJ Allaire and Yihui Xie and Jonathan McPherson},
    year = {2017},
    note = {R package version 1.0.5},
    url = {https://CRAN.R-project.org/package=shiny},
  }


@book{box:draper:1987,
  title={Empirical model-building and response surfaces},
  author={Box, George EP and Draper, Norman R},
  year={1987},
  publisher={John Wiley \& Sons}
}

@book{myers:etal:2016,
  author = {Raymond H. Myers and Douglas C. Montgomery and Christine Anderson--Cook},
  title = {Response surface methodology: process and product optimization using designed experiments},
  year = {2016},
  publisher={John Wiley \& Sons}
}

@Article{Gramacy2007,
  Title                    = {tgp: an R package for Bayesian nonstationary, semiparametric nonlinear regression and design by treed Gaussian process models},
  Author                   = {Gramacy, Robert B},
  Journal                  = {Journal of Statistical Software},
  Year                     = {2007},
  Number                   = {9},
  Pages                    = {6},
  Volume                   = {19}
}

@article{gramacy:lee:2009,
  Author  = {R.B. Gramacy and H.K.H. Lee},
  Title   = {Adaptive Design and Analysis of Supercomputer Experiment},
  Journal = {Technometrics},
  Volume  = {51},
  Number  = {2},
  Year    = {2009},
  Pages   = {130--145},
  Doi     = {10.1198/TECH.2009.0015},
  Url     = {http://dx.doi.org/10.1198/TECH.2009.0015}
} %

@Article{roustant:ginsbourger:deville:2012,
  Title                    = {{DiceKriging}, {DiceOptim}: Two {R} Packages for the analysis of computer experiments by kriging-based metamodeling and optimization},
  Author                   = {Olivier Roustant and David Ginsbourger and Yves Deville},
  Journal                  = {Journal of Statistical Software},
  Year                     = {2012},
  Number                   = {1},
  Pages                    = {1--55},
  Volume                   = {51},
  Url                      = {http://www.jstatsoft.org/v51/i01/}
}

@Article{nelder:1966,
  author = {J.A. Nelder},
  year = {1966},
  title = {Inverse polynomials, a useful group of multi-factor response functions},
  journal = {Biometrics},
  volume = {22},
  pages = {128--141}
}

@ARTICLE{jones:schonlau:welch:1998,
    Author         = {Jones, D. R. and M. Schonlau and W. J. Welch},
    Journal        = {J.~of Global Optimization},
    Pages          = {455--492},
    Title          = {Efficient Global Optimization of Expensive Black
                  Box Functions},
    Volume         = {13},
    Year           = {1998}
}

@Manual{rdrop2,
    title = {{\tt rdrop2}: Programmatic Interface to the 'Dropbox' API},
    author = {Karthik Ram and Clayton Yochum},
    year = {2017},
    note = {R package version 0.8.1},
    url = {https://CRAN.R-project.org/package=rdrop2}
    }

@ARTICLE{booker:etal:1999,
  Author = {Booker, A. J. and {Dennis, Jr.}, J. E. and Frank, P. D. and
                  Serafani, D. B. and Torczon, V. and Trosset, M. W.},
  Title = {A Rigorous Framework for Optimization of Expensive
                  Functions by Surrogates},
  Journal = {Structural Optimization},
  Volume = {17},
  Pages = {1--13},
  Year = {1999}
}

@Book{rasmu:will:2006,
  author =   {Carl Edward Rasmussen and Christopher K. I. Williams},
  title =    {Gaussian Processes for Machine Learning},
  publisher =    {The MIT Press},
  year =     2006
}

@InCollection{gramacy:lee:2011,
  author =       {R. B. Gramacy and H. K. H. Lee},
  title =        {Optimization under Unknown Constraints},
  booktitle =    {Bayesian Statistics 9},
  publisher = {Oxford University Press},
  year =         2011,
  editor =       {J. Bernardo and S. Bayarri and J. O. Berger and
                  A. P. Dawid and D. Heckerman and A. F. M. Smith and
                  M. West},
  pages =  {229--256}
}

@article{gramacy:jss:2016,
   author = {Robert Gramacy},
   title = {laGP: Large-Scale Spatial Modeling via Local Approximate Gaussian Processes in R},
   journal = {Journal of Statistical Software, Articles},
   volume = {72},
   number = {1},
   year = {2016},
   issn = {1548-7660},
   pages = {1--46},
   doi = {10.18637/jss.v072.i01},
   url = {https://www.jstatsoft.org/v072/i01}
}

@BOOK{sant:will:notz:2003,
    Address        = {New York, NY},
    Author         = {Santner, Thomas J. and Williams, Brian J. and Notz, William I.},
    Publisher      = {Springer-Verlag},
    Title          = {The Design and Analysis of Computer Experiments},
    Year           = {2003}
}

@misc{xie:frazier:chick:2012,
  author = {J. Xie and P.I. Frazier and S. Chick},
  title = {Assemble to Order Simulator},
  year = 2012,
  url = {http://simopt.org/wiki/index.php?title=Assemble_to_Order&oldid=447},
  urldate = {2016-07-15}
}

@article{Binois2016,
  title={Practical heteroskedastic Gaussian process modeling for large simulation experiments},
  author={Binois, Mickael and Gramacy, Robert B and Ludkovski, Michael},
  journal={arXiv preprint arXiv:1611.05902},
  year={2016}
}

@Manual{Binois2017,
    title = {{\tt hetGP}: Heteroskedastic Gaussian Process Modeling and Design under Replication},
    author = {Mickael Binois and Robert B. Gramacy},
    year = {2017},
    note = {R package version 1.0.0},
}